% last change 2022-12-28

@article{ind,
  author = "Pehong Chen and Michael A. Harrison",
  title = "\urlp{Index Preparation and
    Processing}{http://ctan.mackichan.com/indexing/makeindex/paper/ind.pdf}",
  journal = "Software — Practice and Experience",
  year = 1988,
  volume = 18,
  pages = "897–915",
  note = "Included with MakeIndex in \TeX\ distributions",
}

@book{haralambous:fonts,
  author = "Yannis Haralambous",
  title = "Fonts \& Encodings",
  publisher = "O’Reilly",
  year = 2007,
  note = "Trans. by P. Scott Horne",
}

@book{korpela:unicode,
  author = "Jukka K. Korpela",
  title = "Unicode Explained",
  publisher = "O’Reilly",
  year = 2006,
}

@book{unicode4,
  author = "Unicode Consortium, The",
  title = "The Unicode Standard Version 4.0",
  publisher = "Addison-Wesley",
  year = 2003,
}

@book{texbook,
  author = "Donald E. Knuth",
  title = "The \TeX book",
  publisher = "Addison-Wesley",
  year = 1993,
}

@book{mfbook,
  author = "Donald E. Knuth",
  title = "The \MF book",
  publisher = "Addison-Wesley",
  year = 1993,
}

@book{latex,
  author = "Leslie Lamport",
  title = "\LaTeX: A Document Preparation System",
  edition = "2nd",
  publisher = "Addison-Wesley",
  year = 1994,
}

@book{latex-companion,
  author = "Frank Mittelbach and Michel Goossens",
  title = "The \LaTeX\ Companion",
  edition = "2nd",
  publisher = "Addison-Wesley",
  year = 2004,
}

@book{latex-graphics-companion,
  author = "Michel Goossens and Frank Mittelbach and Sebastian Rahtz and Denis Roegel and Herbert Voß",
  title = "The \LaTeX\ Graphics Companion",
  edition = "2nd",
  publisher = "Addison-Wesley",
  year = 2008,
}

@book{clark:tex,
  author = "Malcolm Clark",
  title = "A Plain \TeX\ Primer",
  publisher = "OUP",
  year = 1992,
}

@book{lb:css,
  author = "Håkon Wium Lie and Bert Bos",
  title = "Cascading Style Sheets",
  publisher = "Addison-Wesley",
  year = 2005,
  edition = "3rd",
}

@book{missing:css,
  author = "David Sawyer McFarland",
  title = "CSS: The Missing Manual",
  publisher = "O’Reilly",
  year = 2009,
  edition = "2nd",
}

@book{htdp,
  author = "Matthias Felleisen and Robert Bruce Findler and Matthew Flatt
    and Shriram Krishnamurthi",
  title = "\urlp{How to Design Programs: An Introduction to Programming and Computing}{http://www.htdp.org}",
  publisher = "MIT Press",
  year = 2001,
}

@book{sicp,
  author = "Harold Abelson and Gerald Jay {Sussman with Julie Sussman}",
  title = "\urlp{Structure and Interpretation of Computer Programs (“SICP”)}{http://mitpress.mit.edu/sicp/full-text/book/book.html}",
  edition = "2nd",
  publisher = "MIT Press",
  year = 1996,
}

@book{sicm,
  author = "Gerald Jay Sussman and Jack {Wisdom with Meinhard E. Meyer}",
  title = "\urlp{Structure and Interpretation of Classical Mechanics (“SICM”)}{http://mitpress.mit.edu/sites/default/files/titles/content/sicm/book.html}",
  publisher = "MIT Press",
  year = 2001,
}

@book{gimpbook,
  author = "Akkana Peck",
  title = "Beginning GIMP: From Novice to Professional",
  publisher = "Apress",
  year = 2006,
}

@book{kirsanov:inkscape,
  author = "Dmitry Kirsanov",
  title = "The Book of Inkscape: The Definitive Guide to the Free Graphics Editor",
  publisher = "No Starch Press",
  year = 2009,
}

@book{bah:inkscape,
  author = "Tavmjong Bah",
  title = "\urlp{Inkscape: Guide to a Vector Drawing Program}{http://tavmjong.free.fr/INKSCAPE/MANUAL/html}",
  publisher = "Prentice Hall",
  year = 2011,
  edition = "4th",
}

@misc{abcl,
  key = "armed",
  title = "\urlp{Armed Bear Common
    Lisp (ABCL) — Common Lisp on the JVM}{http://common-lisp.net/project/armedbear}",
}

@misc{inkscape,
  key = "inkscape",
  title = "\urlp{Inkscape: Draw
    Freely}{http://www.inkscape.org}",
}

@misc{gauche,
  author = "Shiro Kawai",
  title = "\urlp{Gauche: A Scheme
    Implementation}{http://practical-scheme.net/gauche/index.html}",
}

@misc{clozure,
  key = "clozure",
  title = "\urlp{Clozure Common Lisp}{http://ccl.clozure.com}",
}

@misc{cmucl,
  key = "cmucl",
  title = "\urlp{CMUCL: a high-performance, free Common Lisp
    implementation}{http://www.cons.org/cmucl}",
}

@misc{opmac,
  author = "Petr Olšák",
  title = "\urlp{OPmac: extended plain \TeX\ macros}{http://petr.olsak.net/opmac-e.html}",
}

@misc{eplain,
  author = "Karl Berry and Oleg Katsitadze and others",
  title = "\urlp{Eplain}{http://www.tug.org/eplain}",
}

@misc{chez,
  author = "Cadence Research Systems",
  title = "\urlp{Chez Scheme}{http://www.scheme.com}"
}

@misc{petite,
  author = "Cadence Research Systems",
  title = "\urlp{Petite Chez
    Scheme}{http://www.scheme.com/petitechezscheme.html}",
}

@misc{netpbm,
  key = "netpbm",
  title = "\urlp{Netpbm}{http://netpbm.sourceforge.net}",
}

@misc{bibtex,
  author = "Oren Patashnik",
  title = "\urlp{\BibTeX ing}{http://tex.loria.fr/bibdex/btxdoc.pdf}",
  year =  1988,
  month = "8 February",
  note = "Included with \BibTeX\ in \TeX\ distributions",
}

@misc{w3c:css,
  author = "W3C",
  title = "\urlp{Cascading Style
    Sheets}{http://www.w3.org/Style/CSS}",
}

@misc{googlefonts,
  key = "google",
  title = "\urlp{Google Fonts}{https://fonts.google.com}",
}

@misc{w3ccorestyles,
  author = "W3C",
  title = "\urlp{W3C Core
    Styles}{http://www.w3.org/StyleSheets/Core}",
}

@misc{xfig,
  key = "xfig",
  title = "\urlp{Xfig}{http://www.xfig.org}",
}

@misc{tug,
  key = "tex",
  title = "\urlp{The \TeX\ Users Group
    (TUG)}{http://www.tug.org}",
}

@misc{unicode,
  key =  "unicode",
  title = "\urlp{The Unicode
    Consortium}{http://www.unicode.org}",
}

@misc{sbcl,
  key = "steel",
  title = "\urlp{Steel Bank Common
    Lisp}{http://sbcl.sourceforge.net}",
}

@misc{guile,
  author = "FSF",
  title = "\urlp{Guile}{http://www.gnu.org/software/guile}",
}

@misc{eval4tex,
  author = "Dorai Sitaram",
  title = "\urlp{An {\tt \char92eval} for
    \TeX}{https://ds26gte.github.io/eval4tex}",
}

@misc{tex2page,
  author = "Dorai Sitaram",
  title =
    "\urlp{\TeX2page}{http://ds26gte.github.io/tex2page/index.html}",
}

@misc{dvips,
  author = "Tom Rokicki",
  title = "\urlp{Dvips: A DVI-to-PostScript translator}{http://www.radicaleye.com/dvips.html}",
}

@misc{slidy,
  author = "Dave Raggett",
  title = "\urlp{Slidy}{http://www.w3.org/Talks/Tools/#slidy}",
}

@misc{xetex,
  key = "xetex",
  title = "\urlp{The \XeTeX\ typesetting
    system}{http://scripts.sil.org/xetex}",
}

@misc{luatex,
  key = "luatex",
  title = "\urlp{Lua\TeX}{http://www.luatex.org}",
}

@misc{htmlhelp:css,
  author = "John Pozadzides and Liam Quinn",
  title = "\urlp{Cascading Style
    Sheets}{http://www.htmlhelp.com/reference/css/}",
}

@misc{cygwin,
  author = "Red Hat Inc",
  title = "\urlp{Cygwin: Get that Linux feeling — on Windows}{http://www.cygwin.com}",
}

@misc{grfguide,
  author = "D. P. Carlisle",
  title = "\urlp{Packages in the ‘graphics’
    bundle}{http://www.ctan.org/tex-archive/macros/latex/required/graphics/grfguide.pdf}",
}

@misc{gambit,
  author = "Marc Feeley",
  title = "\urlp{Gambit}{http://www.iro.umontreal.ca/~gambit}",
}

@misc{makeindex,
  author = "Leslie Lamport",
  title = "\urlp{MakeIndex: An Index Processor for \LaTeX}{http://tex.loria.fr/bibdex/makeindex.pdf}",
  note = "Included with MakeIndex in \TeX\ distributions",
}

@misc{ctan,
  key = "comprehensive",
  title = "\urlp{Comprehensive \TeX\ Archive
    Network (CTAN)}{http://www.tug.org/ctan.html}",
}

@misc{chicken,
  key = "chicken",
  title = "\urlp{Chicken Scheme: A practical and portable
    Scheme
    system}{http://www.call-cc.org}",
}

@misc{racket,
  author = "PLT",
  title = "\urlp{Racket}{http://racket-lang.org}",
}

@misc{texinfo,
  author = "FSF",
  title = "\urlp{Texinfo: The GNU Documentation
    System}{http://www.gnu.org/software/texinfo}",
}

@misc{ecl,
  author = "Daniel Kochmanski",
  title = "\urlp{ECL}{http://ecls.sourceforge.net}",
}

@misc{mkcl,
  author = "Jean-Claude Beaudoin",
  title = "\urlp{ManKai Common Lisp}{https://github.com/jcbeaudoin/MKCL}",
}

@misc{gs,
  key = "ghostscript",
  title = "\urlp{Ghostscript, Ghostview and
    GSview}{http://www.cs.wisc.edu/~ghost}",
}

@misc{gimp,
  key = "gimp",
  title = "\urlp{GIMP}{http://www.gimp.org}",
}

@misc{clasp,
  author = "Clasp developers",
  title = "\urlp{Clasp --- Bringing Common Lisp and C++ Together}{https://github.com/clasp-developers/clasp}",
}

@misc{clisp,
  author = "Bruno Haible and Sam Steingold",
  title = "\urlp{GNU CLISP: an ANSI Common
    Lisp}{http://clisp.sourceforge.net}",
}

@misc{allegro,
  author = "Franz Inc.",
  title = "\urlp{Allegro CL}{http://www.franz.com/products/allegrocl}",
}

@misc{metapost,
  author = "John D. Hobby",
  title = "\urlp{MetaPost}{http://www.tug.org/metapost.html}",
}

@misc{imagemagick,
  key = "imagemagick",
  title = "\urlp{ImageMagick}{http://www.imagemagick.org}",
}

@misc{r5rs,
  author = "Richard Kelsey and William Clinger and
    Jonathan {Rees (eds)}",
  title = "\urlp{Revised$^6$ Report on the Algorithmic Language Scheme (“R5RS”)}{http://www.schemers.org/Documents/Standards/R5RS/HTML/r5rs.html}",
  year = 1998,
}

@misc{r6rs,
  author = "Michael Sperber and R. Kent Dybvig and Matthew Flatt and
    Anton {von Straatan (eds)}",
  title = "\urlp{Revised$^6$ Report on the Algorithmic Language Scheme (“R6RS”)}{http://www.r6rs.org/final/html/r6rs/r6rs.html}",
  year = 2007,
  note = "Formal Semantics: Robert Bruce Findler and Jacob Matthews",
}

@misc{r6rs-lib,
  author = "Michael Sperber and R. Kent Dybvig and Matthew Flatt and Anton {von Straatan (eds)}",
  title = "\urlp{Revised$^6$ Report on the Algorithmic Language Scheme — Standard Libraries}{http://www.r6rs.org/final/html/r6rs-lib/r6rs-lib.html}",
  year = 2007,
}

@misc{r6rs-app,
  author = "Michael Sperber and R. Kent Dybvig and Matthew Flatt and
    Anton {von Straatan (eds)}",
  title = "\urlp{Revised$^6$ Report on the Algorithmic Language Scheme — Non-Normative Appendices}{http://www.r6rs.org/final/html/r6rs-app/r6rs-app.html}",
  year = 2007,
}

@misc{r6rs-rationale,
  author = "Michael Sperber and R. Kent Dybvig and Matthew Flatt and
    Anton {von Straatan (eds)}",
  title = "\urlp{Revised$^6$ Report on the Algorithmic Language Scheme — Rationale}{http://www.r6rs.org/final/html/r6rs-rationale/r6rs-rationale.html}",
  year = 2007,
}

@misc{r7rs,
  author = "Alex Shinn and John Cowan and Arthur A. Gleckler (eds)",
  title = "\urlp{Revised$^7$ Report on the Algorithmic Language Scheme}{http://standards.scheme.org/corrected-r7rs/r7rs.html}",
  year = 2013
}

@misc{scsh-paper,
  author = "Olin Shivers",
  title = "\urlp{A Scheme
    Shell}{http://www.scsh.net/docu/scsh-paper/scsh-paper.html}"
}

@misc{scsh-man,
  author = "Olin Shivers and Brian D. Carlstrom and Martin
    Gasbichler and Mike Sperber",
  title = "\urlp{Scsh Reference
    Manual}{http://www.scsh.net/docu/html/man.html}"
}

@misc{s48manual,
  author = "Richard Kelsey and Jonathan Rees and Mike Sperber",
  title = "\urlp{The Incomplete Scheme 48 Reference
    Manual}{http://www.s48.org/1.9.2/manual/manual.html}"
}

@misc{latex2html,
  author = "Nikos Drakos",
  title = "\urlp{\LaTeX2HTML: Bringing high-quality documents to the
    Web}{http://www.latex2html.org}",
}

@misc{hevea,
  author = "Luc Maranget",
  title = "\urlp{HeVeA}{http://hevea.inria.fr}",
}

@misc{tex4ht,
  author = "Eitan M. Gurari",
  title = "\urlp{\TeX4ht: \LaTeX\ and \TeX\ for
    Hypertext}{http://www.cis.ohio-state.edu/~gurari/TeX4ht/mn.html}",
}

@misc{tth,
  author = "Ian Hutchinson",
  title = "\urlp{TtH}{http://hutchinson.belmont.ma.us/tth}",
}
